@inproceedings{li2010contextual,
	title={A contextual-bandit approach to personalized news article recommendation},
	author={Li, Lihong and Chu, Wei and Langford, John and Schapire, Robert E},
	booktitle={Proceedings of the 19th international conference on World wide web},
	pages={661--670},
	year={2010},
	organization={ACM}
}
@article{kuleshov2014algorithms,
	title={Algorithms for multi-armed bandit problems},
	author={Kuleshov, Volodymyr and Precup, Doina},
	journal={arXiv preprint arXiv:1402.6028},
	year={2014}
}
@article{chekuri2005polynomial,
	title={A polynomial time approximation scheme for the multiple knapsack problem},
	author={Chekuri, Chandra and Khanna, Sanjeev},
	journal={SIAM Journal on Computing},
	volume={35},
	number={3},
	pages={713--728},
	year={2005},
	publisher={SIAM}
}
@article{auer2002finite,
	title={Finite-time analysis of the multiarmed bandit problem},
	author={Auer, Peter and Cesa-Bianchi, Nicolo and Fischer, Paul},
	journal={Machine learning},
	volume={47},
	number={2-3},
	pages={235--256},
	year={2002},
	publisher={Springer}
}


